2169 3470
641 165 1173 216 DEDICATORIA.

127 253 329 310 boriosis
344 251 609 306 &diutinis
631 251 1043 312 collectionibus,
1065 272 1188 326 quas
1200 248 1334 326 prius
1356 251 1406 305 in
1417 272 1577 308 vnum
1591 276 1709 312 con-

123 331 378 406 gesseram:
411 329 690 403 quibusque
710 329 835 383 olim
859 346 1022 382 totam
1042 329 1138 383 fere
1160 331 1422 397 iuuentam
1444 333 1710 404 impende-

122 429 248 468 ram,
262 408 422 480 longi-s
440 426 563 460 terra
577 407 802 480 marique
813 406 1302 480 peregrinationibus
1315 407 1551 479 susceptis.
1567 413 1710 480 Quia

123 506 292 538 tamen
321 488 437 538 Deo
455 486 505 536 O
512 503 583 558 pt.
598 489 736 536 Max.
758 486 882 554 (sine
901 485 1042 537 cuius
1061 485 1384 558 prouidentia
1402 485 1528 539 nihil
1545 487 1595 539 in
1616 480 1708 541 Hu-

122 582 271 616 mana
285 562 383 614 vita
400 563 667 634 contingit)
679 562 744 614 ita
754 560 914 615 visum
926 562 1067 622 est,vt
1081 561 1180 616 fine
1191 561 1356 615 fructu
1369 579 1471 616 tarn
1484 561 1706 639 longum

119 641 338 692 studium
354 680 367 699 ‚
390 643 440 704 ᾅῑ
455 657 581 690 curae
592 638 759 712 vigiles
783 639 1104 698 euanuerin't,
1127 639 1373 713 quicquid
1386 639 1511 692 mihi
1526 643 1710 695 accidit

117 717 183 768 ita
204 717 432 790 expedire
451 715 599 768 credo
615 755 629 775 ,
645 716 999 788 damnumque
1021 715 1332 788 irreparabile
1353 718 1497 791 quod
1519 720 1706 790 accepi,

119 793 448 846 toleranter&
459 792 709 866 patienter
718 791 834 846 fero.
847 792 989 845 Cum
1000 792 1318 867 potissimum
1331 793 1623 848 amissorum
1637 800 1704 849 ia-

119 876 311 923 cturam
327 891 387 922 ex
399 868 562 942 aliqua
573 887 708 941 parte
722 870 979 944 suppleant
990 871 1280 924 amicorum
1305 870 1480 925 auxilia
1501 891 1514 923 :
1536 873 1623 946 qui
1638 873 1709 926 di-

121 950 265 1001 uersis
282 946 438 1000 elocis
452 951 513 1000 ad
528 967 611 1000 me
635 948 870 1000 miserunt
880 945 1095 1018 plurima
1115 965 1297 1001 notatu
1318 949 1486 1022 digna,
1501 950 1707 1023 quaeipsi

120 1026 470 1084 obseruarunt,
494 1027 545 1076 δε
566 1024 898 1099 designarunt.
921 1027 1053 1078 Inter
1072 1044 1201 1098 quos
1226 1026 1291 1078 est
1311 1027 1462 1078 Iulius
1475 1028 1707 1088 Roscius,

118 1102 289 1154 [merce
312 1103 483 1154 Mariae
509 1101 907 1174 Transtyberinae
932 1102 1232 1155 Canonicus
1250 1103 1321 1157 vir
1341 1103 1522 1157 doetus
1544 1144 1558 1164 ,
1584 1105 1709 1157 anti-

118 1177 421 1252 quitatumq3
445 1177 830 1233 studiofissimUS.
870 1183 913 1231 Is
934 1177 1062 1234 mihi
1087 1180 1498 1234 communicauit
1519 1180 1706 1234 librum

119 1256 510 1325 manuscriptum
524 1296 538 1316 ,
554 1276 661 1329 quo
673 1254 889 1328 plurima
903 1256 1237 1309 continentur
1258 1257 1610 1311 obseruatione
1633 1259 1706 1311 di-

113 1332 568 1407 gnillimasscdquae
582 1351 637 1386 vt
649 1332 930 1406 plurimum
943 1334 1009 1386 ita
1022 1333 1134 1386 sunt
1148 1334 1430 1407 transcripta
1443 1374 1457 1395 ,
1470 1352 1523 1390 vt
1534 1335 1587 1407 ijs
1602 1354 1709 1389 cer-

114 1427 192 1462 tus
211 1409 350 1463 locus
375 1403 482 1462 non
504 1411 696 1483 semper
713 1409 1000 1483 adsignetur
1013 1449 1028 1470 ,
1043 1426 1096 1463 vt
1109 1409 1208 1463 sciri
1221 1410 1382 1481 polilt,
1395 1409 1561 1484 quain
1572 1412 1706 1466 vrbis

113 1505 247 1560 parte
263 1488 575 1558 reperiantur.
596 1490 818 1560 Excepta
830 1485 967 1539 enim
981 1485 1295 1564 suntdiuerso
1307 1504 1555 1560 tempore,
1570 1491 1623 1541 δε
1635 1490 1709 1542 di-

114 1563 255 1617 uersis
269 1564 453 1618 inlocis
468 1562 643 1635 avarijs
658 1562 949 1616 auctoribus
963 1603 977 1623 ‚
1001 1563 1113 1616 &in
1124 1582 1289 1617 vnum
1311 1562 1557 1619 volumen
1571 1566 1709 1620 reda-

113 1646 191 1693 ξω
203 1640 302 1694 sine
315 1641 491 1695 ordine
505 1662 518 1692 .·
530 1645 580 1694 δε
591 1640 828 1715 pleraque
849 1658 956 1689 non
968 1638 1073 1689 satis
1093 1637 1265 1690 exacte
1278 1644 1498 1714 correcta
1511 1680 1523 1699 ‚
1537 1641 1707 1695 vtfieri

113 1716 234 1770 solet
250 1718 299 1770 in
312 1719 649 1772 marmoribus
662 1716 755 1771 fitu
769 1713 1009 1769 &iniuria
1029 1731 1328 1787 temporum
1352 1714 1501 1767 exefis
1515 1756 1529 1775 ‚
1552 1719 1708 1771 muti-

113 1793 233 1855 latis,
251 1798 302 1848 ἅ
314 1795 592 1849 confraffis.
616 1795 833 1847 Norunt
848 1812 1043 1856 omnes,
1057 1793 1144 1865 qui
1162 1791 1290 1844 circa
1301 1789 1405 1844 haec
1417 1792 1574 1846 studia
1588 1815 1706 1866 ope-

116 1893 222 1925 ram
236 1873 456 1947 aliquam
475 1873 862 1944 impenderunt,
889 1867 1044 1944 quam
1066 1866 1271 1922 difficile
1292 1868 1349 1921 fit
1369 1869 1521 1923 etiam
1544 1892 1707 1945 expet-

113 1950 296 2003 tissimo
308 1989 321 2008 ,
336 1950 525 2003 sensum
543 1949 822 2024 scriptionis
834 1949 887 2000 in
900 1947 1137 2020 plerisque
1152 1946 1340 2000 elicere.
1373 1948 1506 2018 Qua:
1521 1950 1706 2002 Romae

112 2026 224 2080 sunt
235 2065 250 2084 ,
270 2028 474 2081 duobus
488 2025 561 2080 his
574 2026 923 2082 voluminibus
939 2023 1236 2097 complexus
1247 2024 1356 2077 sum
1371 2065 1383 2084 ‚
1405 2024 1533 2079 libro
1547 2047 1703 2097 pecu-

118 2101 212 2156 ¹iari
229 2106 344 2157 Deo
356 2105 528 2163 dante,
548 2103 983 2179 comprehendam
1002 2099 1250 2155 nonnulla
1273 2102 1451 2175 quaein
1471 2102 1604 2157 Italia
1618 2142 1633 2163 ,
1649 2105 1703 2158 in

124 2200 197 2234 ira
209 2181 377 2255 Illyrici
388 2222 402 2242 ,
421 2183 471 2234 in
489 2182 647 2243 Stiria,
663 2180 934 2235 Germania
948 2183 1000 2233 δε
1012 2179 1173 2234 Gallia
1186 2177 1382 2254 collegi.
1408 2179 1615 2258 Qbus
1629 2199 1703 2235 et-

114 2259 211 2310 iam
234 2259 506 2333 adiungam
542 2261 881 2313 recentiorum
912 2256 1107 2331 aliquot
1134 2256 1447 2311 literatorum
1481 2299 1496 2319 ‚
1527 2258 1705 2312 &illu-

111 2335 283 2389 strium
301 2338 526 2390 virorum
546 2336 821 2411 sepulchra:
843 2336 897 2390 vt
911 2335 1130 2389 Pontani
1145 2376 1157 2394 ‚
1171 2336 1317 2407 Decij
1333 2374 1347 2395 ‚
1374 2336 1506 2409 Aeiij
1521 2376 1535 2396 ,
1556 2338 1704 2389 Dan-

111 2411 170 2464 tis
183 2453 197 2474 ,
215 2414 366 2466 Ficini
383 2455 394 2474 ‚
417 2417 468 2467 ὅ(
479 2414 691 2468 aliorum
704 2456 718 2476 ‚
734 2415 821 2488 qui
842 2413 1025 2485 scriptis
1038 2411 1252 2466 celebres
1262 2411 1701 2487 vbiquegentium

112 2487 382 2543 habentur:
410 2492 543 2562 Exijs
559 2512 665 2544 non
691 2493 901 2551 dubito,
922 2490 1047 2563 quin
1061 2491 1332 2543 docticum
1355 2489 1522 2542 multo
1535 2489 1702 2543 fructu

111 2565 408 2640 singularem
428 2570 682 2643 accepturi
705 2569 798 2622 s1nt
818 2567 1220 2622 delectationem.
1250 2565 1414 2639 de
1435 2566 1468 2618 fi
1490 2566 1616 2619 mihi
1631 2569 1703 2620 su-

110 2642 348 2713 peressent
370 2663 535 2699 caetera
553 2685 567 2704 ,
593 2666 702 2719 quae
723 2647 775 2699 in
794 2645 896 2699 hoc
916 2665 1096 2719 genere
1117 2643 1266 2696 fimul
1292 2645 1419 2697 olim
1449 2643 1717 2718 congesse-'

112 2739 219 2772 ram
235 2760 249 2781 ,
274 2722 537 2793 potuissem
558 2744 619 2776 ex
638 2722 711 2776 his
733 2724 992 2798 separatim
1014 2724 1270 2795 integrum
1283 2721 1528 2775 volumen
1543 2721 1703 2775 confi-

116 2816 236 2850 cere.
270 2801 435 2853 Tanta
446 2820 560 2853 cura
581 2804 634 2854 &
655 2799 907 2874 diligentia
924 2819 1216 2870 exceperam
1236 2798 1411 2852 omnia
1424 2799 1702 2852 doctorum

115 2873 340 2929 virorum
364 2894 706 2931 monumenta
726 2918 741 2939 ,
762 2898 874 2951 quae
897 2877 1064 2929 Ticini
1085 2917 1100 2938 ‚
1125 2879 1315 2948 Pataurj
1339 2916 1353 2936 ,
1377 2876 1518 2935 Pisis,
1541 2876 1700 2936 Senis,

115 2948 391 3014 Florentiae,
408 2953 692 3016 Volaterris‚
709 2954 908 3027 Perufij,
921 2957 1105 3008 Romae
1119 2995 1133 3015 ‚
1148 2952 1399 3025 Neapoli,
1412 2952 1705 3026 reliquisque

118 3025 477 3086 celebrioribus
488 3031 630 3086 ltaliae
641 3031 845 3090 vrbibus
860 3049 1032 3086 extant
1044 3072 1055 3092 ‚
1069 3049 1123 3088 vt
1135 3030 1262 3085 nihil
1276 3050 1358 3089 me
1370 3029 1622 3161 obmifige
1635 3049 1708 3082 ar-

1082 3111 1131 3160 A
1597 3123 1704 3159 itra-
