2169 3470
956 238 1386 289 Emsrom‘

387 323 545 375 buant
557 341 734 375 omnes
753 322 1004 381 bonarum
1017 322 1199 376 artium
1220 322 1478 376 seaatores
1491 339 1504 370 .·
1514 318 1632 373 cum
1646 319 1736 375 hac
1749 320 1834 375 dili
1837 319 1961 397 genj

383 400 449 449 tia
462 398 601 450 suum
617 420 809 453 nomen
823 401 884 452 ad
897 401 1233 473 posteritatem
1246 420 1365 453 curn
1378 397 1560 453 celebri
1571 397 1700 450 fama
1715 401 1957 452 transmit-

380 492 465 525 tat.
482 478 601 528 Haec
612 475 952 549 egregiegestis
965 475 1146 529 merito
1159 477 1441 546 rependitur
1451 475 1786 546 compensatio
1800 517 1814 537 ,
1829 477 1959 528 inui-

380 551 619 603 diaetiam
636 573 740 604 non
756 553 993 605 resistente
1006 593 1019 613 ‚
1040 570 1093 607 vt
1105 553 1232 605 inter
1243 553 1408 607 bonos
1420 553 1680 605 bonorum
1696 572 1889 607 nornen
1903 556 1956 606 ὃς

379 629 629 680 memoria
642 628 906 682 stabiliatur
919 633 971 683 ἃ
985 631 1173 682 floreat.
1195 630 1258 680 Et
1269 628 1384 681 ideo
1397 629 1484 701 qui
1496 628 1689 702 sapiunt
1702 668 1716 688 ,
1732 628 1861 681 bene
1873 649 1957 682 au«-

381 703 484 756 dise
495 704 690 757 malunt
701 704 855 778 quam
870 706 1107 758 ditescere.
1150 706 1280 779 Qae
1292 745 1305 766 ‚
1321 704 1521 758 obsecro
1534 745 1548 765 ,
1562 705 1746 758 diuitiae
1754 704 1962 778 possunt

379 798 500 847 cum
517 781 653 835 bona
675 781 808 837 fama
827 781 1034 834 conferri
1057 785 1082 835 ,Ρ
1114 781 1229 834 Vita
1246 782 1381 835 enim
1412 781 1623 855 ingloria
1638 780 1955 855 locupletum

378 859 631 928 (quamuis
650 857 855 911 abunde
876 858 1013 911 bona
1032 858 1244 911 fortunae
1271 857 1699 912 accumulauerint
1718 898 1732 919 ‚
1756 862 1808 911 ὃς
1827 858 1956 912 felici

376 933 670 1008 posseffione
693 934 1005 1007 quaesitarum
1030 955 1189 1007 opum
1209 934 1251 987 se
1277 936 1451 988 beatos
1472 934 1780 1003 existiment)
1802 935 1955 987 morti

377 1030 486 1061 non
506 1011 740 1066 absimilis
761 1011 965 1065 iudicari
985 1012 1158 1065 debet:
1177 1011 1264 1064 nifi
1283 1013 1347 1064 ad
1364 1011 1581 1083 posteros
1604 1009 1809 1084 aliquod
1832 1011 1955 1065 testi-

375 1089 618 1142 monium
641 1088 923 1162 relinquant
939 1088 1066 1143 bene
1086 1093 1331 1143 anteanae
1344 1090 1470 1143 vitae.
1494 1089 1636 1161 Opes
1655 1088 1958 1142 amittuntur

377 1183 500 1216 cum
518 1165 617 1218 vita
638 1206 650 1223 ‚
678 1165 811 1220 fama
831 1165 1016 1219 illustris
1045 1172 1225 1221 virtute
1245 1165 1439 1240 quaefita
1465 1181 1728 1240 permanet
1752 1182 1927 1218 aeterna
1941 1206 1951 1217 ,

369 1241 504 1293 Vera
526 1241 749 1314 poffessio
771 1243 924 1298 virtus
940 1244 1027 1303 est,
1051 1242 1306 1296 cuiuslaus
1325 1262 1492 1295 omnis
1508 1242 1558 1293 in
1577 1243 1777 1295 aetione
1799 1242 1954 1295 confi-

373 1317 465 1371 stit.
475 1321 540 1369 At
552 1316 653 1372 haec
666 1319 796 1372 aetio
809 1339 917 1373 non
929 1320 992 1373 ad
1002 1321 1143 1380 se,sed
1154 1320 1217 1373 ad
1228 1319 1346 1372 alios
1358 1318 1584 1373 translata
1597 1318 1951 1381 consideratur,-

372 1411 427 1448 vt
439 1394 650 1452 iuueni&
660 1396 886 1469 profit,&
895 1397 1115 1472 proximi
1127 1395 1850 1472 promoueatvtilitatem.Non
1862 1416 1954 1449 no-

372 1469 449 1522 bis
463 1472 546 1545 ipsi
556 1494 569 1522 ς
584 1474 683 1524 nati
698 1473 961 1534 stimu3‚sed
972 1472 1852 1549 patriae‚cognatis‚&amicis.Merito
1866 1474 1955 1547 igia

371 1564 456 1600 tur
468 1568 551 1600 eos
566 1547 993 1626 bonoramus,qui
1003 1552 1045 1604 se
1056 1549 1175 1605 huic
1189 1552 1297 1604 vitae
1307 1551 1374 1604 ita
1386 1568 1759 1626 comparant,vt
1772 1570 1951 1603 omnes

371 1624 474 1676 eiu5
488 1642 647 1700 partes
659 1627 823 1697 primo
834 1628 894 1678 ad
906 1629 1142 1698 pietatem
1156 1667 1170 1686 ,
1183 1631 1236 1679 ὃς
1248 1629 1349 1680 Dei
1361 1626 1557 1680 cultum
1572 1627 1834 1680 conferant
1846 1649 1858 1678 :
1870 1627 1952 1679 de-

371 1701 492 1754 inde
505 1741 516 1759 ‚
532 1700 786 1775 quantum
800 1701 901 1754 fieri
913 1707 1095 1777 potest,
1114 1701 1412 1757 hominibus
1425 1703 1789 1765 commodent,
1804 1708 1951 1778 &pa-

372 1779 474 1828 triae
488 1777 624 1830 suam
639 1798 847 1852 operam
870 1779 1168 1850 impendant
1189 1820 1203 1841 ‚
1221 1781 1551 1854 vnusquisque
1572 1782 1623 1833 in
1645 1782 1733 1834 suo
1754 1782 1875 1835 statu
1896 1785 1950 1835 δε

369 1854 672 1909 conditione
683 1856 746 1909 ad
758 1876 913 1932 quam
925 1875 1129 1913 vocatus
1142 1858 1322 1913 est.Cui
1335 1857 1438 1933 plus
1450 1856 1651 1933 gratiaea
1665 1860 1786 1913 Deo
1799 1858 1949 1912 lurni-

372 1949 500 1986 num
516 1932 758 1987 collatum
773 1937 959 1996 est‚eius
971 1936 1213 2012 obligatio
1226 1939 1288 1993 est
1300 1942 1471 1994 maior.
1507 1936 1783 1992 Talentum
1796 1937 1947 1990 nobis¹

370 2009 697 2063 commissum
722 2012 929 2067 fideliter
947 2034 1168 2069 exercere
1196 2016 1430 2068 iubemur
1454 2038 1464 2065 :
1499 2035 1561 2069 ne
1591 2015 1768 2088 ingrati
1786 2015 1952 2070 videaa

368 2104 809 2162 mur,acceptoque
822 2089 848 2143 a
863 2092 979 2144 Deo
993 2091 1236 2146 beneficio
1250 2092 1442 2165 indigni
1457 2090 1704 2145 &iudicio
1718 2090 1948 2163 obnoxij.

368 2163 428 2214 Id
441 2163 559 2215 serio
574 2165 699 2217 dum
710 2169 1029 2239 perpenderet
1040 2169 1578 2244 Bryius‚intelligatque
1593 2189 1697 2222 non
1711 2168 1872 2221 solum
1885 2169 1947 2220 ti-

371 2238 450 2298 bi,
466 2240 543 2291 sed
556 2240 750 2296 literatis
771 2245 1011 2298 omnibus
1029 2245 1451 2320 primumlibrum
1475 2244 1655 2310 harum
1676 2245 1948 2317 inscriptio-

367 2334 498 2367 num
514 2318 804 2391 adprobari,
837 2323 972 2393 operi
991 2322 1189 2377 feliciter
1207 2321 1450 2377 inchoato
1471 2323 1737 2376 secundam
1752 2340 1945 2396 partem

365 2392 532 2463 adijcit
544 2433 558 2453 ,
571 2415 680 2467 quae
693 2396 783 2449 tibi
797 2398 1011 2459 dicatur,
1026 2400 1097 2453 vir
1107 2400 1338 2474 generose
1350 2440 1364 2461 ,
1377 2417 1622 2473 tanquam
1637 2398 1702 2450 illi
1717 2399 1945 2452 cuilabo-

366 2487 440 2520 res
452 2472 550 2522 mei
562 2474 870 2547 conatusque
881 2496 1059 2529 omnes
1078 2477 1345 2530 consecrari
1358 2476 1559 2530 debent.
1583 2476 1946 2549 Prosequarita-

366 2545 643 2627 queinhoc
654 2549 919 2605 volumine
939 2573 1048 2625 quae
1065 2554 1320 2627 supersunt
1335 2554 1520 2606 eodem
1544 2553 1746 2612 ordine,
1767 2572 1872 2625 quo
1891 2553 1944 2606 in

363 2622 513 2691 priori
528 2644 792 2695 coeperam.
813 2631 879 2681 Et
889 2631 1151 2683 recensebo
1164 2630 1410 2683 continua
1422 2630 1536 2682 serie
1556 2628 1635 2682 illa
1648 2649 1757 2702 quae
1768 2629 1945 2682 viden-

364 2714 446 2750 tur
466 2698 517 2750 in
527 2701 665 2754 Vrbe
677 2739 694 2759 ,
711 2719 816 2756 tam
836 2705 1036 2776 priuatis
1059 2705 1212 2779 quam
1233 2705 1506 2778 publicisin
1528 2705 1663 2759 locis.
1687 2707 1816 2758 Non
1831 2706 1945 2778 quia

365 2773 487 2827 dem
500 2778 674 2830 omnia
685 2783 830 2849 (nam
844 2801 1033 2855 magno
1046 2783 1200 2836 animi
1213 2783 1311 2834 mei
1325 2781 1498 2835 dolore
1514 2780 1774 2855 plusquam
1797 2779 1943 2835 dimi-

362 2849 443 2903 dia
454 2872 558 2921 pars
570 2873 797 2908 mearum
817 2856 1234 2912 lucubrationum
1253 2859 1316 2912 de
1327 2858 1564 2930 ploranda
1584 2859 1768 2911 iaetura
1779 2859 1894 2931 perij
1903 2862 1939 2927 t)

363 2926 464 2978 Sed
473 2948 582 3000 quae
594 2930 823 3004 singulari
845 2934 1049 2987 Diuinae
1067 2936 1304 2990 bonitatis
1326 2935 1500 2988 fauore
1520 2938 1572 2988 &
1584 2935 1831 2988 beneficio
1843 2955 1942 2992 ere-

360 3018 446 3073 pta
457 3003 567 3058 sunt
577 3026 636 3059 ex
655 3007 742 3060 illo
762 3028 998 3063 meorum
1015 3009 1263 3065 librorum
1284 3012 1565 3065 miserando
1578 3011 1859 3086 naufragio:
1877 3031 1941 3066 ex

361 3096 468 3152 quo
480 3080 564 3160 vix
576 3084 772 3141 emerfit
792 3086 954 3143 breuis
974 3086 1081 3145 haec
1093 3087 1412 3162 portiuncula
1421 3087 1648 3165 superstes
1660 3129 1672 3151 ‚
1684 3109 1744 3144 ex
1757 3106 1859 3142 tam
1870 3086 1939 3139 la-

788 3163 884 3167 *⁷'‘
974 3165 1004 3168 ”
1333 3168 1350 3171 ”
1422 3164 1425 3167 ’
1724 3163 1935 3221 bonofis
